
@online{hn,
  title = {Hacker {{News Guidelines}}},
  url = {https://news.ycombinator.com/newsguidelines.html},
  urldate = {2018-01-13},
  file = {/home/chair/.zotero/zotero/t3jot1ef.default/zotero/storage/7XB83G23/newsguidelines.html}
}

@article{magazines,
  entrysubtype = {magazine},
  langid = {british},
  title = {Magazines at {{Westminster}}},
  volume = {28},
  number = {3},
  journaltitle = {The Elizabethan},
  date = {1961-07},
  pages = {19}
}

@article{elizabethan76,
  entrysubtype = {magazine},
  langid = {british},
  title = {Magazines at {{Westminster}}},
  volume = {32},
  number = {684},
  journaltitle = {The Elizabethan},
  date = {1976-01},
  pages = {19}
}

@article{gilley,
  langid = {english},
  title = {The Case for Colonialism},
  issn = {0143-6597, 1360-2241},
  url = {https://www.tandfonline.com/doi/full/10.1080/01436597.2017.1369037},
  doi = {10.1080/01436597.2017.1369037},
  journaltitle = {Third World Quarterly},
  urldate = {2018-01-13},
  date = {2017-09-08},
  pages = {1--17},
  author = {Gilley, Bruce}
}

@book{slavery,
  langid = {english},
  title = {The {{Atlantic Slave Trade}}: {{Effects}} on {{Economies}}, {{Societies}} and {{Peoples}} in {{Africa}}, the {{Americas}}, and {{Europe}}},
  isbn = {978-0-8223-8237-9},
  shorttitle = {The {{Atlantic Slave Trade}}},
  abstract = {Debates over the economic, social, and political meaning of slavery and the slave trade have persisted for over two hundred years. The Atlantic Slave Trade brings clarity and critical insight to the subject. In fourteen essays, leading scholars consider the nature and impact of the transatlantic slave trade and assess its meaning for the people transported and for those who owned them.Among the questions these essays address are: the social cost to Africa of this forced migration; the role of slavery in the economic development of Europe and the United States; the short-term and long-term effects of the slave trade on black mortality, health, and life in the New World; and the racial and cultural consequences of the abolition of slavery. Some of these essays originally appeared in recent issues of Social Science History; the editors have added new material, along with an introduction placing each essay in the context of current debates. Based on extensive archival research and detailed historical examination, this collection constitutes an important contribution to the study of an issue of enduring significance. It is sure to become a standard reference on the Atlantic slave trade for years to come.Contributors. Ralph A. Austen, Ronald Bailey, William Darity, Jr., Seymour Drescher, Stanley L. Engerman, David Barry Gaspar, Clarence Grim, Brian Higgins, Jan S. Hogendorn, Joseph E. Inikori, Kenneth Kiple, Martin A. Klein, Paul E. Lovejoy, Patrick Manning, Joseph C. Miller, Johannes Postma, Woodruff Smith, Thomas Wilson},
  pagetotal = {425},
  publisher = {{Duke University Press}},
  date = {1992-05-30},
  keywords = {History / General},
  author = {Inikori, Joseph E. and Engerman, Stanley L.},
  eprinttype = {googlebooks}
}

@misc{pop,
  title = {The {{World}} at {{Six Billion}}},
  url = {https://web.archive.org/web/20160205063346/http://www.un.org/esa/population/publications/sixbillion/sixbilpart1.pdf},
  publisher = {{United Nations}},
  urldate = {2018-01-13},
  date = {1999},
  file = {/home/chair/.zotero/zotero/t3jot1ef.default/zotero/storage/YDGHT929/sixbilpart1.html}
}

@online{wolframalpha,
  langid = {english},
  title = {Non-{{Euclidean Geometry}}},
  rights = {Copyright 1999-2018 Wolfram Research, Inc.  See http://mathworld.wolfram.com/about/terms.html for a full terms of use statement.},
  url = {http://mathworld.wolfram.com/Non-EuclideanGeometry.html},
  abstract = {In three dimensions, there are three classes of constant curvature geometries. All are based on the first four of Euclid's postulates, but each uses its own version of the parallel postulate. The "flat" geometry of everyday intuition is called Euclidean geometry (or parabolic geometry), and the non-Euclidean geometries are called hyperbolic geometry (or Lobachevsky-Bolyai-Gauss geometry) and elliptic geometry (or Riemannian geometry). Spherical geometry is a non-Euclidean...},
  type = {Text},
  urldate = {2018-01-14},
  author = {Weisstein, Eric W.},
  file = {/home/chair/.zotero/zotero/t3jot1ef.default/zotero/storage/K9UBQHXW/Non-EuclideanGeometry.html}
}

@data{contrasophists,
  title = {Discourses 13. {{Against}} the {{Sophists}}},
  url = {http://www.loebclassics.com/view/isocrates-discourses_13_sophists/1929/work.xml},
  publisher = {{Harvard University Press}},
  urldate = {2018-01-14},
  date = {1929},
  author = {{Isocrates}},
  translator = {Norlin, George},
  doi = {10.4159/DLCL.isocrates-discourses_13_sophists.1929}
}

@data{IsocratesDiscourses15Antidosis1929,
  title = {Discourses 15. {{Antidosis}}},
  url = {http://www.loebclassics.com/view/isocrates-discourses_15_antidosis/1929/work.xml},
  publisher = {{Harvard University Press}},
  urldate = {2018-01-14},
  date = {1929},
  author = {{Isocrates}},
  translator = {Norlin, George},
  doi = {10.4159/DLCL.isocrates-discourses_15_antidosis.1929}
}

@data{CiceroOratore1942,
  title = {De {{Oratore}}},
  url = {http://www.loebclassics.com/view/marcus_tullius_cicero-de_oratore/1942/work.xml},
  publisher = {{Harvard University Press}},
  urldate = {2018-01-14},
  date = {1942},
  author = {{Cicero}},
  translator = {Sutton, E. W. and Rackham, H.},
  doi = {10.4159/DLCL.marcus_tullius_cicero-de_oratore.1942}
}

@data{PlatoGorgias1925,
  title = {Gorgias},
  url = {http://www.loebclassics.com/view/plato_philosopher-gorgias/1925/work.xml},
  publisher = {{Harvard University Press}},
  urldate = {2018-01-14},
  date = {1925},
  author = {{Plato}},
  translator = {Lamb, W. R. M.},
  doi = {10.4159/DLCL.plato_philosopher-gorgias.1925}
}

@data{QuintilianOratorEducation2002,
  title = {The {{Orator}}'s {{Education}}},
  url = {http://www.loebclassics.com/view/quintilian-orators_education/2002/work.xml},
  publisher = {{Harvard University Press}},
  urldate = {2018-01-14},
  date = {2002},
  author = {{Quintilian}},
  translator = {Russell, Donald A.},
  doi = {10.4159/DLCL.quintilian-orators_education.2002}
}

@data{DionysiusofHalicarnassusAncientOratorsIsocrates1974,
  title = {The {{Ancient Orators}} 2. {{Isocrates}}},
  url = {http://www.loebclassics.com/view/dionysius_halicarnassus-isocrates/1974/work.xml},
  publisher = {{Harvard University Press}},
  urldate = {2018-01-14},
  date = {1974},
  author = {{Dionysius of Halicarnassus}},
  doi = {10.4159/DLCL.dionysius_halicarnassus-isocrates.1974}
}

@article{BenoitIsocratesPlatoRhetoric1991,
  eprinttype = {jstor},
  eprint = {3885281},
  title = {Isocrates and {{Plato}} on {{Rhetoric}} and {{Rhetorical Education}}},
  volume = {21},
  issn = {0277-3945},
  number = {1},
  journaltitle = {Rhetoric Society Quarterly},
  date = {1991},
  pages = {60--71},
  author = {Benoit, William L.}
}

@article{BenoitIsocratesAristotleRhetoric1990,
  eprinttype = {jstor},
  eprint = {3885845},
  title = {Isocrates and {{Aristotle}} on {{Rhetoric}}},
  volume = {20},
  issn = {0277-3945},
  number = {3},
  journaltitle = {Rhetoric Society Quarterly},
  date = {1990},
  pages = {251--259},
  author = {Benoit, William}
}

@data{PlatoPhaedrus1914,
  title = {Phaedrus},
  url = {http://www.loebclassics.com/view/plato_philosopher-phaedrus/1914/work.xml},
  publisher = {{Harvard University Press}},
  urldate = {2018-01-14},
  date = {1914},
  author = {{Plato}},
  translator = {Fowler, Harold North},
  doi = {10.4159/DLCL.plato_philosopher-phaedrus.1914}
}

@book{GrotePlatoothercompanions1867,
  langid = {english},
  title = {Plato and the Other Companions of {{Sokrates}}},
  url = {http://archive.org/details/companionssokrat01grotuoft},
  pagetotal = {594},
  publisher = {{London Murray}},
  urldate = {2018-01-14},
  date = {1867},
  keywords = {Plato},
  author = {Grote, George},
  editora = {{Kelly - University of Toronto}},
  editoratype = {collaborator}
}


